@book{司守奎2011数学建模算法与应用,
  author={司守奎 and 孙玺菁},
  title={数学建模算法与应用},
  address={北京},
  publisher={国防工业出版社},
  year={2011},
}
@book{卓金武2011MATLAB,
  author={卓金武},
  title={MATLAB在数学建模中的应用},
  address={北京},
  publisher={北京航空航天大学出版社},
  year={2011},
}